<?xml version="1.0" encoding="UTF-8"?><record xmlns="http://www.loc.gov/MARC21/slim" xmlns:cinclude="http://apache.org/cocoon/include/1.0" xmlns:zs="http://www.loc.gov/zing/srw/">
  <leader>00366nz  a2200133n  4500</leader>
  <controlfield tag="001">no2013032670</controlfield>
  <controlfield tag="003">DLC</controlfield>
  <controlfield tag="005">20130327093247.0</controlfield>
  <controlfield tag="008">130325n| acannaabn          |n aaa     c</controlfield>
  <datafield tag="010" ind1=" " ind2=" ">
    <subfield code="a">no2013032670</subfield>
  </datafield>
  <datafield tag="035" ind1=" " ind2=" ">
    <subfield code="a">(OCoLC)oca09435565</subfield>
  </datafield>
  <datafield tag="040" ind1=" " ind2=" ">
    <subfield code="a">CLSU</subfield>
    <subfield code="b">eng</subfield>
    <subfield code="c">CLSU</subfield>
  </datafield>
  <datafield tag="100" ind1="1" ind2=" ">
    <subfield code="a">Hardee, Jay H.</subfield>
  </datafield>
  <datafield tag="670" ind1=" " ind2=" ">
    <subfield code="a">PreservacioĚn de maderas en Guatemala, marzo 1958:</subfield>
    <subfield code="b">t.p. (Jay H. Hardee)</subfield>
  </datafield>
</record>